@WEB{pat,
	    AUTHOR = "Pat Patterson",
	    TITLE = "A Simple Block Driver for Linux Kernel 2.6.31",
	    PUBLISHER = {Pat Patterson},
      URL = {http://blog.superpat.com/2010/05/04/a-simple-block-driver-for-linux-kernel-2-6-31/},
	    YEAR = 2010}
	    
@WEB{Bc,
	    TITLE = "Single Block Cipher API",
	    PUBLISHER = {The Linux Kernel},
      URL = {https://www.kernel.org/doc/html/v4.10/crypto/api-skcipher.html#single-block-cipher-api},
	    YEAR = 2016}
@WEB{JS,
            AUTHOR = "Jonathan Salwn"
	    TITLE = "lkm_samples/crypto_aes.c",
      URL = {https://github.com/JonathanSalwan/stuffz/blob/master/lkm_samples/crypto_aes.c},
	    YEAR = 2013}


	    
	    
